<record xmlns="http://www.loc.gov/MARC21/slim" xmlns:xsi="http://www.w3.org/2001/XMLSchema-instance" xsi:schemaLocation="http://www.loc.gov/MARC21/slim http://www.loc.gov/standards/marcxml/schema/MARC21slim.xsd"><leader>00895cz   2200169n  4500</leader><controlfield tag="001">oca03380775 </controlfield><controlfield tag="005">19981014051618.4</controlfield><controlfield tag="008">930524n| acannaab|          |a aaa     c</controlfield><datafield ind1=" " ind2=" " tag="010"><subfield code="a">nr 93019118 </subfield></datafield><datafield ind1=" " ind2=" " tag="035"><subfield code="a">(Uk)sb054335</subfield></datafield><datafield ind1=" " ind2=" " tag="040"><subfield code="a">Uk/ESTC-NA</subfield><subfield code="c">ESTC-NA</subfield><subfield code="d">CtY-BR</subfield><subfield code="d">CtY-BR</subfield></datafield><datafield ind1="0" ind2=" " tag="100"><subfield code="a">Onasander</subfield></datafield><datafield ind1="0" ind2=" " tag="400"><subfield code="a">Onosander</subfield></datafield><datafield ind1=" " ind2=" " tag="667"><subfield code="a">Data provided by the ESTC/BL</subfield></datafield><datafield ind1=" " ind2=" " tag="670"><subfield code="a">His Onosandro Platonico, of the generall captaine, and of his office, 1563.</subfield></datafield><datafield ind1=" " ind2=" " tag="670"><subfield code="a">Hyamson, A. A dictionary of universal biography, 1951</subfield><subfield code="b">(Onosander; Grk. philos. &amp; tactician, fl. ca. 50)</subfield></datafield><datafield ind1=" " ind2=" " tag="670"><subfield code="a">Hammond, N. G. L. The Oxford classical dictionary, 1970</subfield><subfield code="b">(Onasander, whom tradition makes a Platonic philosopher wrote his treatise on the duties of a commander, a dull exposition of commonplace military and ethical principles, for which the author disclaims any originality; it was enormously popular during the Renaissance)</subfield></datafield></record>